@article{DBLP:journals/software/IzquierdoHSR19,
  author    = {Daniel Izquierdo and
               Nicole Huesman and
               Alexander Serebrenik and
               Gregorio Robles},
  title     = {OpenStack Gender Diversity Report},
  journal   = {{IEEE} Softw.},
  volume    = {36},
  number    = {1},
  pages     = {28--33},
  year      = {2019}
}
@inproceedings{gila2014impact,
  title={Impact of personality and gender diversity on software development teams' performance},
  author={Gila, Abdul Rehman and Jaafa, Jafreezal and Omar, Mazni and Tunio, Muhammad Zahid},
  booktitle={2014 International Conference on Computer, Communications, and Control Technology (I4CT)},
  pages={261--265},
  year={2014},
  organization={IEEE}
}
@article{DBLP:journals/cscw/BalaliSASG18,
  author    = {Sogol Balali and
               Igor Steinmacher and
               Umayal Annamalai and
               Anita Sarma and
               Marco Aur{\'{e}}lio Gerosa},
  title     = {Newcomers' Barriers. . . Is That All? An Analysis of Mentors' and
               Newcomers' Barriers in {OSS} Projects},
  journal   = {Comput. Support. Cooperative Work.},
  volume    = {27},
  number    = {3-6},
  pages     = {679--714},
  year      = {2018}
}
@article{meulders2010topic,
  title={Topic Report: Horizontal and Vertical Segregation},
  author={Meulders, Dani{\`e}le and Plasman, Robert and Rigo, Audrey and O'Dorchai, S{\'\i}le},
  journal={Meta-Analysis of Gender and Science Research. European Union},
  year={2010},
  pages={1--53},
}
@article{DBLP:journals/entropy/BotellaRLM19,
  author    = {Carmen Botella and
               Silvia Rueda and
               Emilia L{\'{o}}pez{-}I{\~{n}}esta and
               Paula Marzal},
  title     = {Gender Diversity in {STEM} Disciplines: {A} Multiple Factor Problem},
  journal   = {Entropy},
  volume    = {21},
  number    = {1},
  pages     = {30},
  year      = {2019}
}
@inproceedings{DBLP:conf/icse/Borsotti18,
  author    = {Valeria Borsotti},
  title     = {Barriers to gender diversity in software development education: actionable
               insights from a danish case study},
  booktitle = {{ICSE} {(SEET)}},
  pages     = {146--152},
  publisher = {{ACM}},
  year      = {2018},
  address = {{ACM}}
}
@article{DBLP:journals/ijhcitp/BhattacharyaBM18,
  author    = {Shubhasheesh Bhattacharya and
               Sonali Bhattacharya and
               Sweta Mohapatra},
  title     = {Enablers for Advancement of Women into Leadership Position: {A} Study
               Based on {IT/ITES} Sector in India},
  journal   = {{IJHCITP}},
  volume    = {9},
  number    = {4},
  pages     = {1--22},
  year      = {2018}
}
@inproceedings{DBLP:conf/group/HuiF16,
  author    = {Julie S. Hui and
               Shelly Diane Farnham},
  title     = {Designing for Inclusion: Supporting Gender Diversity in Independent Innovation Teams},
  booktitle = {{GROUP}},
  pages     = {71--85},
  publisher = {{ACM}},
  address = {ACM},
  year      = {2016}
}
@article{DBLP:journals/isj/AnnabiL18,
  author    = {Hala Annabi and
               Sarah Lebovitz},
  title     = {Improving the retention of women in the {IT} workforce: An investigation
               of gender diversity interventions in the {USA}},
  journal   = {Inf. Syst. J.},
  volume    = {28},
  number    = {6},
  pages     = {1049--1081},
  year      = {2018}
}
@inproceedings{DBLP:conf/icse/WangWR19,
  author    = {Yi Wang and
               David Redmiles},
  title     = {Implicit Gender Biases in Professional Software Development: An Empirical Study},
  booktitle = {{ICSE - Software Engineering in Society}},
  pages     = {1--10},
  publisher = {{ACM}},
  year      = {2019},
  address = {https://bit.ly/2Hu42MJ},
}
@inproceedings{DBLP:conf/icse/SilveiraMMVP19,
  author    = {Karina Kohl Silveira and
               Soraia Raupp Musse and
               Isabel Harb Manssour and
               Renata Vieira and
               Rafael Prikladnicki},
  title     = {Confidence in programming skills: gender insights from StackOverflow
               developers survey},
  booktitle = {{ICSE} (Companion Volume)},
  pages     = {234--235},
  publisher = {{IEEE} / {ACM}},
  year      = {2019},
  address = {10.1109/ICSE-Companion.2019.00091},
}
@misc{linkedin2019,
  Author = {Rosanna Durruthy},
  title={2018 LinkedIn Workforce Diversity Report},
  year      = {2018},
 url={https://careers.linkedin.com/diversity-and-inclusion/workforce-diversity-report},
 note={(Date last accessed 16-April-2019)},
 }
 @misc{google2019,
  Author = {Danielle Brown and Melonie Parker},
  title={Google diversity annual report 2019},
  year      = {2019},
 url={https://diversity.google/},
 note={(Date last accessed 16-April-2019)},
 }
@misc{StackOverflow,
  Author = {Stack Overflow},
  title={Developer Survey Results 2020},
  year      = {2020},
  publisher = {Stack Overflow},
 url={https://insights.stackoverflow.com/survey/2020},
 note={(Date last accessed 08-July-2020)},
 }
@inproceedings{DBLP:conf/vl/FordHP17,
  author    = {Denae Ford and
               Alisse Harkins and
               Chris Parnin},
  title     = {Someone like me: How does peer parity influence participation of women on stack overflow?},
  booktitle = {{VL/HCC}},
  pages     = {239--243},
  publisher = {{IEEE} Computer Society},
  year      = {2017}
}
@article{DBLP:journals/cscw/SteinmacherGCR19,
  author    = {Igor Steinmacher and
               Marco Aur{\'{e}}lio Gerosa and
               Tayana Uch{\^{o}}a Conte and
               David F. Redmiles},
  title     = {Overcoming Social Barriers When Contributing to Open Source Software
               Projects},
  journal   = {Comput. Support. Cooperative Work.},
  volume    = {28},
  number    = {1-2},
  pages     = {247--290},
  year      = {2019}
}
@inproceedings{DBLP:conf/metrics/HoveA05,
  author    = {Siw Elisabeth Hove and
               Bente Anda},
  title     = {Experiences from Conducting Semi-structured Interviews in Empirical
               Software Engineering Research},
  booktitle = {{IEEE} {METRICS}},
  pages     = {23},
  publisher = {{IEEE} Computer Society},
  year      = {2005}
}
@inproceedings{DBLP:conf/icse/WangR19,
  author    = {Yi Wang and
               David F. Redmiles},
  title     = {Implicit gender biases in professional software development: an empirical
               study},
  booktitle = {{ICSE-SEIS}},
  pages     = {1--10},
  publisher = {{ACM}},
  year      = {2019}
}
@inproceedings{DBLP:conf/chi/VasilescuPRBSDF15,
  author    = {Bogdan Vasilescu and
               Daryl Posnett and
               Baishakhi Ray and
               Mark G. J. van den Brand and
               Alexander Serebrenik and
               Premkumar T. Devanbu and
               Vladimir Filkov},
  title     = {Gender and Tenure Diversity in GitHub Teams},
  booktitle = {{CHI}},
  pages     = {3789--3798},
  publisher = {{ACM}},
  year      = {2015}
}
@article{DBLP:journals/nms/Nafus12,
  author    = {Dawn Nafus},
  title     = {'Patches don't have gender': What is not open in open source software},
  journal   = {New Media {\&} Society},
  volume    = {14},
  number    = {4},
  pages     = {669--683},
  year      = {2012}
}
@inproceedings{DBLP:conf/icse/LeeC19,
  author    = {Amanda Lee and
               Jeffrey C. Carver},
  title     = {{FLOSS} participants' perceptions about gender and inclusiveness:
               a survey},
  booktitle = {{ICSE}},
  pages     = {677--687},
  publisher = {{IEEE} / {ACM}},
  year      = {2019}
}
@inproceedings{DBLP:conf/icse/KohlP18,
  author    = {Karina Kohl and
               Rafael Prikladnicki},
  title     = {Perceptions on Diversity in Brazilian Agile Software Development Teams:
               {A} Survey},
  booktitle = {GE@ICSE},
  pages     = {37--40},
  publisher = {{ACM}},
  year      = {2018}
}
@inproceedings{esem2020,
  author    = {Edna Dias Canedo and
               Rodrigo Bonif\'{a}cio and
               M\'{a}rcio Vinicius Okimoto and
               Alexander Serebrenik and
               Gustavo Pinto and
               Eduardo Monteiro},
  title     = {Work Practices and Perceptions from Women Core Developers in OSS Communities},
  booktitle = {{ESEM}},
  pages     = {1--11},
  publisher = {{IEEE} / {ACM}},
  year      = {2020},
  addres = {https://doi.org/10.1145/3382494.3410682},
}
@inproceedings{DBLP:conf/esem/BosuS19,
  author    = {Amiangshu Bosu and
               Kazi Zakia Sultana},
  title     = {Diversity and Inclusion in Open Source Software {(OSS)} Projects:
               Where Do We Stand?},
  booktitle = {{ESEM}},
  pages     = {1--11},
  publisher = {{IEEE}},
  year      = {2019}
}
@article{DBLP:journals/software/BlincoeSW19,
  author    = {Kelly Blincoe and
               Olga Springer and
               Michal R. Wr{\'{o}}bel},
  title     = {Perceptions of Gender Diversity's Impact on Mood in Software Development
               Teams},
  journal   = {{IEEE} Software},
  volume    = {36},
  number    = {5},
  pages     = {51--56},
  year      = {2019}
}
@inproceedings{DBLP:conf/icse/CatolinoPTSF19,
  author    = {Gemma Catolino and
               Fabio Palomba and
               Damian A. Tamburri and
               Alexander Serebrenik and
               Filomena Ferrucci},
  title     = {Gender diversity and women in software teams: how do they affect community
               smells?},
  booktitle = {{ICSE-SEIS}},
  pages     = {11--20},
  publisher = {{ACM}},
  year      = {2019}
}